@article{gd-overview,
	author    = {Sebastian Ruder},
	title     = {An overview of gradient descent optimization algorithms},
	journal   = {CoRR},
	volume    = {abs/1609.04747},
	year      = {2016},
	url       = {http://arxiv.org/abs/1609.04747},
	archivePrefix = {arXiv},
	eprint    = {1609.04747},
	timestamp = {Wed, 07 Jun 2017 14:40:06 +0200},
	biburl    = {https://dblp.org/rec/bib/journals/corr/Ruder16},
	bibsource = {dblp computer science bibliography, https://dblp.org}
}

@article{gd-original,
	author	= {M. Augustine Cauchy},
	title	= {M´ethode g´en´erale pour la r´esolution des syst`emes d’´equations simultan´ees},
	year	= {1847},
	joural	= {C. R. Acad. Sci. Paris}
}
